@Article{SchemaExtraction,
  author={Frozza, Angelo Augusto and Mello, Ronaldo dos Santos and Costa, Felipe de Souza da},
  booktitle={2018 IEEE International Conference on Information Reuse and Integration (IRI)}, 
  title={An Approach for Schema Extraction of JSON and Extended JSON Document Collections}, 
  year={2018},
  volume={},
  number={},
  pages={356-363},
  doi={10.1109/IRI.2018.00060}}
}

@misc{JsonData,
  author = {Ali Haydar Özdağ},
  title = {Ordered-and-Unordered-Json-Data},
  year = {2023},
  url = {https://github.com/ahoirg/Ordered-and-Unordered-Json-Data},
  note = {Access Date: 30 December 2023}
}